@book{alfred2007compilers,
  title={Compilers principles, techniques \& tools},
  author={Alfred, V Aho and Monica, S Lam and Jeffrey, D Ullman},
  year={2007},
  publisher={pearson Education}
}

@article{iso-9945-2009,
  author={},
  journal={ISO/IEC/IEEE 9945:2009(E)},
  title={IEEE/ISO/IEC International Standard - Information technology Portable Operating System Interface (POSIX(TM)) Base Specifications, Issue 7},
  year={2009},
  volume={},
  number={},
  pages={188-195},
  keywords={IEEE standards;Operating systems;Data mining;Information technology;Application programming interface;Central processing units;File access control;Portable operating system interfaces;1003.1-2008;application program interface (API);argument;asynchronous;basic regular expression (BRE);batch job;batch system;built-in utility;byte;child;command language interpreter;CPU;extended regular expression (ERE);FIFO;file access control mechanism;input/output (I/O);job control;network;portable operating system interface (POSIX);parent;shell;stream;string;synchronous;system;thread;X/Open System Interface (XSI)},
  doi={10.1109/IEEESTD.2009.5393893}
}

@misc{barron1981bcpl,
  title={BCPLâ€”The language and its complier. Martin Richards and Colin Whitby-Strevens, Cambridge University Press 1980. No. of pages: 173. Price{\pounds} 9.50. ISBN 0 521 21965 5.},
  author={Barron, DW},
  year={1981},
  publisher={Wiley Online Library}
}

@article{pierce2000local,
  title={Local type inference},
  author={Pierce, Benjamin C and Turner, David N},
  journal={Acm transactions on programming languages and systems (toplas)},
  volume={22},
  number={1},
  pages={16-21},
  year={2000},
  publisher={ACM New York, NY, USA}
}
